%% This BibTeX bibliography file was created using BibDesk.
%% https://bibdesk.sourceforge.io/

%% Created for Matt at 2022-02-14 21:25:04 -0500 


%% Saved with string encoding Unicode (UTF-8) 



@article{Ward:2016,
	author = {James D. Ward and Paul C. Sutton and Adrian D. Werner and Robert Costanza and Steve H. Mohr and Craig T. Simmons},
	date-added = {2022-02-14 21:24:50 -0500},
	date-modified = {2022-02-14 21:24:50 -0500},
	doi = {10.1371/journal.pone.0164733.g001},
	journal = {PLoS ONE},
	month = {14 October},
	number = {10},
	pages = {1-14},
	title = {Is Decoupling {GDP} Growth from Environmental Impact Possible?},
	volume = {11},
	year = {2016}}

@article{Saunders:2021te,
	author = {Harry D. Saunders and Joyashree Roy and In\^{e}s M.L. Azevedo and Debalina Chakravart and Shyamasree Dasgupta and Stephane de la Rue du Can and Angela Druckman and Roger Fouquet and Michael Grubb and Boqiang Lin and Robert Lowe and Reinhard Madlener and Daire M. McCoy and Luis Mundaca and Tadj Oreszczyn and Steven Sorrell and David Stern and Kanako Tanaka and Taoyuan Wei},
	date-added = {2022-02-13 12:50:33 -0500},
	date-modified = {2022-02-13 12:50:33 -0500},
	doi = {10.1146/annurev-environ-012320- 084937},
	journal = {Annual Review of Environment and Resources},
	pages = {135-165},
	title = {Energy Efficiency: What Has Research Delivered in the Last 40 Years?},
	volume = {46},
	year = {2021},
	bdsk-file-1 = {YnBsaXN0MDDSAQIDBFxyZWxhdGl2ZVBhdGhZYWxpYXNEYXRhXxBgLi4vLi4vRG9jdW1lbnRzL1BhcGVycy9GaWxlcy8yMDIxL1NhdW5kZXJzMjAyMS1FbmVyZ3kgRWZmaWNpZW5jeSBXaGF0IEhhcyBSZXNlYXJjaCBEZWxpdmVyZWQucGRmTxECJAAAAAACJAACAAAMTWFjaW50b3NoIEhEAAAAAAAAAAAAAAAAAAAAAAAAAEJEAAH/////H1NhdW5kZXJzMjAyMS1FbmVyZyNGRkZGRkZGRi5wZGYAAAAAAAAAAAAAAAAAAAAAAAAAAAAAAAAAAAAAAAAAAP////8AAAAAAAAAAAAAAAAAAgAFAAAKIGN1AAAAAAAAAAAAAAAAAAQyMDIxAAIAZy86VXNlcnM6bWtoMjpEb2N1bWVudHM6UGFwZXJzOkZpbGVzOjIwMjE6U2F1bmRlcnMyMDIxLUVuZXJneSBFZmZpY2llbmN5IFdoYXQgSGFzIFJlc2VhcmNoIERlbGl2ZXJlZC5wZGYAAA4AfgA+AFMAYQB1AG4AZABlAHIAcwAyADAAMgAxAC0ARQBuAGUAcgBnAHkAIABFAGYAZgBpAGMAaQBlAG4AYwB5ACAAVwBoAGEAdAAgAEgAYQBzACAAUgBlAHMAZQBhAHIAYwBoACAARABlAGwAaQB2AGUAcgBlAGQALgBwAGQAZgAPABoADABNAGEAYwBpAG4AdABvAHMAaAAgAEgARAASAGVVc2Vycy9ta2gyL0RvY3VtZW50cy9QYXBlcnMvRmlsZXMvMjAyMS9TYXVuZGVyczIwMjEtRW5lcmd5IEVmZmljaWVuY3kgV2hhdCBIYXMgUmVzZWFyY2ggRGVsaXZlcmVkLnBkZgAAEwABLwAAFQACAAv//wAAAAgADQAaACQAhwAAAAAAAAIBAAAAAAAAAAUAAAAAAAAAAAAAAAAAAAKv}}

@inbook{Madlener:2016to,
	address = {Cham, Switzerland},
	author = {Reinhard Madlener and Karen Turner},
	chapter = {1},
	date-added = {2022-02-13 12:43:59 -0500},
	date-modified = {2022-02-13 12:43:59 -0500},
	doi = {10.1007/978-3-319-38807-6_2},
	editor = {Tilman Santarius and Hans Jakob Walnum and Carlo Aall},
	pages = {17-36},
	publisher = {Springer},
	series = {Rethinking Climate and Energy Policies New Perspectives on the Rebound Phenomenon},
	title = {After 35 Years of Rebound Research in Economics: Where Do We Stand?},
	year = {2016},
	bdsk-url-1 = {https://doi.org/10.1007/978-3-319-38807-6_2}}

@article{Haberl:2020tf,
	author = {Helmut Haberl and Dominik Wiedenhofer and Doris Vir\'{a}g and Gerald Kalt and Barbara Plank and Paul Brockway and Tomer Fishman and Daniel Hausknost and Fridolin Krausmann and Bartholom\"{a}us Leon-Gruchalski and Andreas Mayer and Melanie Pichler and Anke Schaffartzik and T\"{a}nia Sousa and Jan Streeck and Felix Creutzig},
	date-added = {2022-02-13 11:59:37 -0500},
	date-modified = {2022-02-13 11:59:37 -0500},
	doi = {10.1088/1748-9326/ab842a},
	journal = {Environmental Research Letters},
	number = {065003},
	pages = {1-42},
	title = {A systematic review of the evidence on decoupling of {GDP}, resource use and {GHG} emissions, part {II}: synthesizing the insights},
	volume = {15},
	year = {2020},
	bdsk-url-1 = {https://doi.org/10.1088/1748-9326/ab842a}}

@article{Wiedenhofer:2020tz,
	author = {Dominik Wiedenhofer and Doris Vir\'{a}g and Gerald Kalt and Barbara Plank and Jan Streeck and Melanie Pichler and Andreas Mayer and Fridolin Krausmann and Paul Brockway and Anke Schaffartzik and Tomer Fishman and Daniel Hausknost and Bartholom\"{a}us Leon-Gruchalski and T\^{a}nia Sousa and Felix Creutzig and Helmut Haberl},
	date-added = {2022-02-13 11:59:37 -0500},
	date-modified = {2022-02-13 11:59:37 -0500},
	doi = {10.1088/1748-9326/ab8429},
	journal = {Environmental Research Letters},
	number = {063002},
	pages = {1-15},
	title = {A systematic review of the evidence on decoupling of {GDP}, resource use and {GHG} emissions, part {I}: bibliometric and conceptual mapping},
	volume = {15},
	year = {2020},
	bdsk-url-1 = {https://doi.org/10.1088/1748-9326/ab8429}}

@article{Birol:2000wi,
	author = {Fatih Birol and Jan Horst Keppler},
	date-added = {2022-02-09 21:07:10 -0500},
	date-modified = {2022-02-09 21:07:10 -0500},
	doi = {10.1016/S0301-4215(00)00020-3},
	journal = {Energy Policy},
	pages = {457-469},
	title = {Prices, technology development, and the rebound e!ect},
	volume = {28},
	year = {2000},
	bdsk-url-1 = {https://doi.org/10.1016/S0301-4215(00)00020-3}}

@book{InternationalEnergyAgency2019,
	author = {{International Energy Agency (IEA)}},
	date-added = {2022-02-09 20:42:25 -0500},
	date-modified = {2022-02-09 20:42:25 -0500},
	title = {World Energy Outlook 2019},
	url = {https://www.iea.org/reports/world-energy-outlook-2019},
	year = {2019},
	bdsk-url-1 = {https://www.iea.org/reports/world-energy-outlook-2019}}

@techreport{Masson-Delmotte2018,
	author = {Masson-Delmotte, V. and Zhai, P. and P{\"{o}}rtner, H. O. and Roberts, D. and Skea, J. and Shukla, P. R. and Pirani, A. and Moufouma-Okia, W. and P{\'{e}}an, C. and Pidcock, R. and Connors, S. and Matthews, J. B. R. and Chen, Y. and Zhou, X. and Gomis, M. I. and Lonnoy, E. and Maycock, T. and Tignor, M. and {T. Waterfield (eds.)}},
	date-added = {2022-02-09 20:41:45 -0500},
	date-modified = {2022-02-09 20:41:45 -0500},
	institution = {World Meteorological Organization, Geneva, Switzerland, 32 pp},
	title = {{IPCC}, 2018: Summary for Policymakers. In: Global warming of 1.5$\,^{\circ}$C. An IPCC Special Report on the impacts of global warming of 1.5$\,^{\circ}$C above pre-industrial levels and related global greenhouse gas emission pathways, in the context of strengthening the global},
	year = {2018}}

@article{sonnberger2018rebound,
	author = {Sonnberger, Marco and Gross, Matthias},
	date-added = {2022-02-09 20:41:23 -0500},
	date-modified = {2022-02-09 20:41:23 -0500},
	doi = {10.1016/j.ecolecon.2018.07.013},
	journal = {Ecological economics},
	pages = {14--21},
	publisher = {Elsevier},
	title = {Rebound effects in practice: An invitation to consider rebound from a practice theory perspective},
	volume = {154},
	year = {2018},
	bdsk-url-1 = {https://doi.org/10.1016/j.ecolecon.2018.07.013}}

@article{Saunders:2000aa,
	author = {Harry D. Saunders},
	date-added = {2022-02-09 20:40:48 -0500},
	date-modified = {2022-02-09 20:40:48 -0500},
	doi = {10.1016/S0301-4215(00)00024-0},
	journal = {Energy Policy},
	pages = {439-449},
	title = {A view from the macro side: rebound, backfire, and {K}hazzoom-{B}rookes},
	volume = {28},
	year = {2000},
	bdsk-url-1 = {https://doi.org/10.1016/S0301-4215(00)00024-0}}

@article{Stern2020,
	author = {David I. Stern},
	date-added = {2022-02-09 20:40:09 -0500},
	date-modified = {2022-02-14 21:22:45 -0500},
	doi = {10.2139/ssrn.3652745},
	journal = {Energy Policy},
	number = {111870},
	pages = {1-7},
	title = {How Large is the Economy-Wide Rebound Effect?},
	volume = {147},
	year = {2020},
	bdsk-url-1 = {https://doi.org/10.2139/ssrn.3652745}}

@article{Saunders2015,
	author = {Saunders, Harry D},
	date-added = {2022-02-09 20:39:36 -0500},
	date-modified = {2022-02-09 20:39:36 -0500},
	doi = {10.5547/01956574.36.1.2},
	journal = {The Energy Journal},
	number = {1},
	pages = {23-48},
	title = {Recent Evidence for Large Rebound: Elucidating the Drivers and their Implications for Climate Change Models},
	volume = {36},
	year = {2015},
	bdsk-url-1 = {https://doi.org/10.5547/01956574.36.1.2}}

@article{Gillingham:2013aa,
	author = {Kenneth Gillingham and Matthew J. Kotchen and David S. Rapson and Gernot Wagner},
	date-added = {2022-02-09 20:38:52 -0500},
	date-modified = {2022-02-09 22:06:04 -0500},
	doi = {10.1038/493475a},
	journal = {Nature},
	month = {24 January},
	pages = {475-475},
	title = {The rebound effect is overplayed},
	volume = {493},
	year = {2013},
	bdsk-url-1 = {https://doi.org/10.1038/493475a}}

@article{Grubb1992,
	author = {Grubb, Michael},
	date-added = {2022-02-09 20:38:23 -0500},
	date-modified = {2022-02-09 22:13:06 -0500},
	doi = {10.1016/0301-4215(92)90060-F},
	journal = {Energy Policy},
	number = {5},
	pages = {392-393},
	title = {Reply to {B}rookes},
	volume = {20},
	year = {1992},
	bdsk-url-1 = {https://doi.org/10.1016/0301-4215(92)90060-F}}

@article{Grubb1990,
	author = {Michael Grubb},
	date-added = {2022-02-09 20:38:23 -0500},
	date-modified = {2022-02-09 20:38:23 -0500},
	doi = {10.1016/0301-4215(90)90031-X},
	journal = {Energy Policy},
	month = {October},
	number = {8},
	pages = {783--785},
	title = {Energy efficiency and economic fallacies},
	volume = {18},
	year = {1990},
	bdsk-url-1 = {https://doi.org/10.1016/0301-4215(90)90031-X}}

@article{Lovins1988,
	author = {Amory B Lovins},
	date-added = {2022-02-09 20:38:06 -0500},
	date-modified = {2022-02-09 22:10:52 -0500},
	doi = {10.5547/ISSN0195-6574-EJ-Vol9-No2-10},
	journal = {The Energy Journal},
	number = {2},
	pages = {155-162},
	title = {Energy saving resulting from the adoption of more efficient appliances: Another view},
	volume = {9},
	year = {1988},
	bdsk-url-1 = {https://doi.org/10.5547/ISSN0195-6574-EJ-Vol9-No2-10}}

@article{khazzoom1980,
	author = {Khazzoom, J Daniel},
	date-added = {2022-02-09 20:37:44 -0500},
	date-modified = {2022-02-09 20:37:44 -0500},
	doi = {10.5547/ISSN0195-6574-EJ-Vol1-No4-2},
	journal = {The Energy Journal},
	number = {4},
	publisher = {International Association for Energy Economics},
	title = {Economic implications of mandated efficiency in standards for household appliances},
	volume = {1},
	year = {1980},
	bdsk-url-1 = {https://doi.org/10.5547/ISSN0195-6574-EJ-Vol1-No4-2}}

@article{Brookes1990,
	author = {Brookes, Leonard},
	date-added = {2022-02-09 20:37:04 -0500},
	date-modified = {2022-02-09 22:18:03 -0500},
	doi = {10.1016/0301-4215(90)90145-T},
	journal = {Energy Policy},
	month = {March},
	number = {2},
	pages = {199-201},
	title = {The greenhouse effect: The fallacies in the energy efficiency solution},
	volume = {18},
	year = {1990},
	bdsk-url-1 = {https://doi.org/10.1016/0301-4215(90)90145-T}}

@article{Brookes1979,
	author = {Leonard Brookes},
	date-added = {2022-02-09 20:37:04 -0500},
	date-modified = {2022-02-09 22:17:27 -0500},
	journal = {Atom},
	number = {73-78},
	title = {A Low Energy Strategy for the {UK} by {G} {L}each et al: A Review and Reply},
	volume = {269},
	year = {1979}}

@article{Parkes1838,
	author = {Josiah Parkes},
	date-added = {2022-02-09 20:35:50 -0500},
	date-modified = {2022-02-09 20:36:19 -0500},
	journal = {Transactions of the Institution of Civil Engineers},
	number = {1},
	pages = {161-179},
	publisher = {Thomas Telford-ICE Virtual Library},
	title = {On the Evaporation of Water from Steam Boilers},
	volume = {2},
	year = {1838}}

@book{Williams1840,
	address = {London},
	author = {Williams, Charles Wye},
	date-added = {2022-02-09 20:35:33 -0500},
	date-modified = {2022-02-09 20:35:33 -0500},
	edition = {1st},
	pages = {1-155},
	publisher = {J. Weale},
	title = {The combustion of coal and the prevention of smoke: chemically and practically considered},
	year = {1840}}

@book{Jevons:1865,
	address = {London},
	author = {William Stanley Jevons},
	date-added = {2022-02-09 20:35:06 -0500},
	date-modified = {2022-02-09 20:35:06 -0500},
	publisher = {Macmillan},
	title = {The Coal Question: An Inquiry Concerning the Progress of the Nation and the Probable Exhaustion of our Coal Mines},
	year = {1865}}

@article{Sorrell:2009cg,
	author = {Steve Sorrell},
	date-added = {2022-02-09 20:19:25 -0500},
	date-modified = {2022-02-09 20:19:25 -0500},
	doi = {10.1016/j.enpol.2008.12.003},
	journal = {Energy Policy},
	keywords = {Rebound effect, Jevons' Paradox, Khazzoom--Brookes postulate},
	language = {English},
	month = apr,
	number = {4},
	pages = {1456-1469},
	rating = {0},
	read = {Yes},
	title = {Jevons' Paradox Revisited: The evidence for backfire from improved energy efficiency},
	volume = {37},
	year = {2009},
	bdsk-url-1 = {http://linkinghub.elsevier.com/retrieve/pii/S0301421508007428},
	bdsk-url-2 = {http://dx.doi.org/10.1016/j.enpol.2008.12.003}}

@article{Brockway:2017a,
	author = {Paul E. Brockway and Harry Saunders and Matthew K. Heun and Timothy J. Foxon and Julia K. Steinberger and John R. Barrett and Steve Sorrell},
	date-added = {2022-02-09 20:16:38 -0500},
	date-modified = {2022-02-09 20:16:38 -0500},
	doi = {10.3390/en10010051},
	journal = {Energies},
	keywords = {Constant elasticity of substitution (CES) function, Aggregate production function (APF), Energy efficiency, Energy rebound, Exergy efficiency, Exergy, Macroeconomic rebound, Energy policy, Rebound effect},
	month = {7 January},
	number = {51},
	pages = {1-24},
	title = {Energy Rebound as a Potential Threat to a Low-Carbon Future: Findings from a New Exergy-Based National-Level Rebound Approach},
	volume = {10},
	year = {2017},
	bdsk-url-1 = {https://doi.org/10.3390/en10010051}}

@book{Jevons:1866uy,
	address = {London},
	author = {Jevons, William Stanley},
	date-added = {2022-02-09 20:15:01 -0500},
	date-modified = {2022-02-09 20:16:04 -0500},
	edition = {2nd},
	publisher = {Macmillan},
	rating = {0},
	read = {Yes},
	series = {An Inquiry Concerning the Progress of the Nation and the Probable Exhaustion of our Coal Mines},
	title = {The Coal Question},
	url = {https://oll.libertyfund.org/title/jevons-the-coal-question},
	year = {1866},
	bdsk-url-1 = {http://oll.libertyfund.org/title/317}}

@article{Saunders:1992aa,
	author = {Harry D. Saunders},
	date-added = {2022-02-09 20:12:33 -0500},
	date-modified = {2022-02-09 20:12:33 -0500},
	doi = {10.5547/ISSN0195-6574-EJ-Vol13-No4-7},
	journal = {The Energy Journal},
	number = {4},
	pages = {131-148},
	title = {The {K}hazzoom-{B}rookes Postulate and Neoclassical Growth},
	url = {https://www.jstor.org/stable/41322471},
	volume = {13},
	year = {1992},
	bdsk-url-1 = {https://www.jstor.org/stable/41322471},
	bdsk-url-2 = {https://doi.org/10.5547/ISSN0195-6574-EJ-Vol13-No4-7}}

@article{Borenstein:2015aa,
	author = {Severin Borenstein},
	date-added = {2022-02-09 20:09:22 -0500},
	date-modified = {2022-02-09 20:09:22 -0500},
	journal = {The Energy Journal},
	keywords = {Conservation, Energy services, Energy efficiency gap, Fuel economy, Lighting efficiency, Takeback, Backfire, Rebound effect},
	number = {1},
	pages = {1-21},
	title = {A Microeconomic Framework for Evaluating Energy Efficiency Rebound and Some Implications},
	url = {https://www.jstor.org/stable/24695011},
	volume = {36},
	year = {2015},
	bdsk-url-1 = {https://www.jstor.org/stable/24695011}}

@article{Brockway:2021ww,
	author = {Paul E. Brockway and Steve Sorrell and Gregor Semieniuk and Matthew Kuperus Heun and Victor Court},
	date-added = {2022-02-09 20:07:35 -0500},
	date-modified = {2022-02-09 20:07:35 -0500},
	doi = {10.1016/j.rser.2021.110781},
	journal = {Renewable and Sustainable Energy Reviews},
	number = {110781},
	pages = {1-20},
	title = {Energy efficiency and economy-wide rebound effects: A review of the evidence and its implications},
	volume = {141},
	year = {2021},
	bdsk-url-1 = {https://doi.org/10.1016/j.rser.2021.110781}}

@article{Turner:2013aa,
	author = {Karen Turner},
	date-added = {2022-02-09 19:50:48 -0500},
	date-modified = {2022-02-09 19:50:48 -0500},
	doi = {10.5547/019565},
	journal = {The Energy Journal},
	keywords = {Energy efficiency, Rebound effect, Energy demand},
	number = {4},
	pages = {25-42},
	title = {``Rebound'' Effects from Increased Energy Efficiency: A Time to Pause and Reflect},
	url = {https://www.jstor.org/stable/41969250},
	volume = {34},
	year = {2013},
	bdsk-url-1 = {https://www.jstor.org/stable/41969250},
	bdsk-url-2 = {https://doi.org/10.5547/019565}}
